@inproceedings{SIG,
author = {Heitlager, Ilja and Kuipers, Tobias and Visser, Joost},
year = {2007},
month = {10},
pages = {30 - 39},
title = {A Practical Model for Measuring Maintainability},
isbn = {978-0-7695-2948-6},
doi = {10.1109/QUATIC.2007.8}
}